%YAML 1.1
%TAG !u! tag:unity3d.com,2011:
--- !u!1 &3422034961142008163
GameObject:
  m_ObjectHideFlags: 0
  m_CorrespondingSourceObject: {fileID: 0}
  m_PrefabInstance: {fileID: 0}
  m_PrefabAsset: {fileID: 0}
  serializedVersion: 6
  m_Component:
  - component: {fileID: 3422034961142008188}
  m_Layer: 5
  m_Name: SceneLoadInfo
  m_TagString: Untagged
  m_Icon: {fileID: 0}
  m_NavMeshLayer: 0
  m_StaticEditorFlags: 0
  m_IsActive: 1
--- !u!224 &3422034961142008188
RectTransform:
  m_ObjectHideFlags: 0
  m_CorrespondingSourceObject: {fileID: 0}
  m_PrefabInstance: {fileID: 0}
  m_PrefabAsset: {fileID: 0}
  m_GameObject: {fileID: 3422034961142008163}
  m_LocalRotation: {x: 0, y: 0, z: 0, w: 1}
  m_LocalPosition: {x: 0, y: 0, z: 0}
  m_LocalScale: {x: 1, y: 1, z: 1}
  m_Children:
  - {fileID: 3422034961371557174}
  - {fileID: 3422034962588687660}
  m_Father: {fileID: 0}
  m_RootOrder: 0
  m_LocalEulerAnglesHint: {x: 0, y: 0, z: 0}
  m_AnchorMin: {x: 0.5, y: 0.5}
  m_AnchorMax: {x: 0.5, y: 0.5}
  m_AnchoredPosition: {x: 41, y: 0}
  m_SizeDelta: {x: 100, y: 100}
  m_Pivot: {x: 0.5, y: 0.5}
--- !u!1 &3422034961371557173
GameObject:
  m_ObjectHideFlags: 0
  m_CorrespondingSourceObject: {fileID: 0}
  m_PrefabInstance: {fileID: 0}
  m_PrefabAsset: {fileID: 0}
  serializedVersion: 6
  m_Component:
  - component: {fileID: 3422034961371557174}
  - component: {fileID: 3422034961371557168}
  - component: {fileID: 3422034961371557175}
  m_Layer: 5
  m_Name: Text
  m_TagString: Untagged
  m_Icon: {fileID: 0}
  m_NavMeshLayer: 0
  m_StaticEditorFlags: 0
  m_IsActive: 1
--- !u!224 &3422034961371557174
RectTransform:
  m_ObjectHideFlags: 0
  m_CorrespondingSourceObject: {fileID: 0}
  m_PrefabInstance: {fileID: 0}
  m_PrefabAsset: {fileID: 0}
  m_GameObject: {fileID: 3422034961371557173}
  m_LocalRotation: {x: -0, y: -0, z: -0, w: 1}
  m_LocalPosition: {x: 0, y: 0, z: 0}
  m_LocalScale: {x: 1, y: 1, z: 1}
  m_Children: []
  m_Father: {fileID: 3422034961142008188}
  m_RootOrder: 0
  m_LocalEulerAnglesHint: {x: 0, y: 0, z: 0}
  m_AnchorMin: {x: 0.5, y: 0.5}
  m_AnchorMax: {x: 0.5, y: 0.5}
  m_AnchoredPosition: {x: -80.46719, y: 64}
  m_SizeDelta: {x: 635.9297, y: 177.987}
  m_Pivot: {x: 0.5, y: 0.5}
--- !u!222 &3422034961371557168
CanvasRenderer:
  m_ObjectHideFlags: 0
  m_CorrespondingSourceObject: {fileID: 0}
  m_PrefabInstance: {fileID: 0}
  m_PrefabAsset: {fileID: 0}
  m_GameObject: {fileID: 3422034961371557173}
  m_CullTransparentMesh: 1
--- !u!114 &3422034961371557175
MonoBehaviour:
  m_ObjectHideFlags: 0
  m_CorrespondingSourceObject: {fileID: 0}
  m_PrefabInstance: {fileID: 0}
  m_PrefabAsset: {fileID: 0}
  m_GameObject: {fileID: 3422034961371557173}
  m_Enabled: 1
  m_EditorHideFlags: 0
  m_Script: {fileID: 11500000, guid: 5f7201a12d95ffc409449d95f23cf332, type: 3}
  m_Name: 
  m_EditorClassIdentifier: 
  m_Material: {fileID: 0}
  m_Color: {r: 1, g: 1, b: 1, a: 1}
  m_RaycastTarget: 1
  m_RaycastPadding: {x: 0, y: 0, z: 0, w: 0}
  m_Maskable: 1
  m_OnCullStateChanged:
    m_PersistentCalls:
      m_Calls: []
  m_FontData:
    m_Font: {fileID: 10102, guid: 0000000000000000e000000000000000, type: 0}
    m_FontSize: 50
    m_FontStyle: 1
    m_BestFit: 0
    m_MinSize: 0
    m_MaxSize: 60
    m_Alignment: 3
    m_AlignByGeometry: 0
    m_RichText: 1
    m_HorizontalOverflow: 0
    m_VerticalOverflow: 0
    m_LineSpacing: 1
  m_Text: 'Scene Name: '
--- !u!1001 &3937411329126441677
PrefabInstance:
  m_ObjectHideFlags: 0
  serializedVersion: 2
  m_Modification:
    m_TransformParent: {fileID: 3422034961142008188}
    m_Modifications:
    - target: {fileID: 1862797087570067422, guid: cc1c4f37023a86a45a4b50b60666af09, type: 3}
      propertyPath: m_Name
      value: Button
      objectReference: {fileID: 0}
    - target: {fileID: 1862797087570067425, guid: cc1c4f37023a86a45a4b50b60666af09, type: 3}
      propertyPath: m_Pivot.x
      value: 0.5
      objectReference: {fileID: 0}
    - target: {fileID: 1862797087570067425, guid: cc1c4f37023a86a45a4b50b60666af09, type: 3}
      propertyPath: m_Pivot.y
      value: 0.5
      objectReference: {fileID: 0}
    - target: {fileID: 1862797087570067425, guid: cc1c4f37023a86a45a4b50b60666af09, type: 3}
      propertyPath: m_RootOrder
      value: 1
      objectReference: {fileID: 0}
    - target: {fileID: 1862797087570067425, guid: cc1c4f37023a86a45a4b50b60666af09, type: 3}
      propertyPath: m_AnchorMax.x
      value: 0.5
      objectReference: {fileID: 0}
    - target: {fileID: 1862797087570067425, guid: cc1c4f37023a86a45a4b50b60666af09, type: 3}
      propertyPath: m_AnchorMax.y
      value: 0.5
      objectReference: {fileID: 0}
    - target: {fileID: 1862797087570067425, guid: cc1c4f37023a86a45a4b50b60666af09, type: 3}
      propertyPath: m_AnchorMin.x
      value: 0.5
      objectReference: {fileID: 0}
    - target: {fileID: 1862797087570067425, guid: cc1c4f37023a86a45a4b50b60666af09, type: 3}
      propertyPath: m_AnchorMin.y
      value: 0.5
      objectReference: {fileID: 0}
    - target: {fileID: 1862797087570067425, guid: cc1c4f37023a86a45a4b50b60666af09, type: 3}
      propertyPath: m_SizeDelta.x
      value: 353.536
      objectReference: {fileID: 0}
    - target: {fileID: 1862797087570067425, guid: cc1c4f37023a86a45a4b50b60666af09, type: 3}
      propertyPath: m_SizeDelta.y
      value: 139.76
      objectReference: {fileID: 0}
    - target: {fileID: 1862797087570067425, guid: cc1c4f37023a86a45a4b50b60666af09, type: 3}
      propertyPath: m_LocalPosition.x
      value: 0
      objectReference: {fileID: 0}
    - target: {fileID: 1862797087570067425, guid: cc1c4f37023a86a45a4b50b60666af09, type: 3}
      propertyPath: m_LocalPosition.y
      value: 0
      objectReference: {fileID: 0}
    - target: {fileID: 1862797087570067425, guid: cc1c4f37023a86a45a4b50b60666af09, type: 3}
      propertyPath: m_LocalPosition.z
      value: 0
      objectReference: {fileID: 0}
    - target: {fileID: 1862797087570067425, guid: cc1c4f37023a86a45a4b50b60666af09, type: 3}
      propertyPath: m_LocalRotation.w
      value: 1
      objectReference: {fileID: 0}
    - target: {fileID: 1862797087570067425, guid: cc1c4f37023a86a45a4b50b60666af09, type: 3}
      propertyPath: m_LocalRotation.x
      value: -0
      objectReference: {fileID: 0}
    - target: {fileID: 1862797087570067425, guid: cc1c4f37023a86a45a4b50b60666af09, type: 3}
      propertyPath: m_LocalRotation.y
      value: -0
      objectReference: {fileID: 0}
    - target: {fileID: 1862797087570067425, guid: cc1c4f37023a86a45a4b50b60666af09, type: 3}
      propertyPath: m_LocalRotation.z
      value: -0
      objectReference: {fileID: 0}
    - target: {fileID: 1862797087570067425, guid: cc1c4f37023a86a45a4b50b60666af09, type: 3}
      propertyPath: m_AnchoredPosition.x
      value: 352
      objectReference: {fileID: 0}
    - target: {fileID: 1862797087570067425, guid: cc1c4f37023a86a45a4b50b60666af09, type: 3}
      propertyPath: m_AnchoredPosition.y
      value: 55
      objectReference: {fileID: 0}
    - target: {fileID: 1862797087570067425, guid: cc1c4f37023a86a45a4b50b60666af09, type: 3}
      propertyPath: m_LocalEulerAnglesHint.x
      value: 0
      objectReference: {fileID: 0}
    - target: {fileID: 1862797087570067425, guid: cc1c4f37023a86a45a4b50b60666af09, type: 3}
      propertyPath: m_LocalEulerAnglesHint.y
      value: 0
      objectReference: {fileID: 0}
    - target: {fileID: 1862797087570067425, guid: cc1c4f37023a86a45a4b50b60666af09, type: 3}
      propertyPath: m_LocalEulerAnglesHint.z
      value: 0
      objectReference: {fileID: 0}
    - target: {fileID: 1862797087765093691, guid: cc1c4f37023a86a45a4b50b60666af09, type: 3}
      propertyPath: m_Text
      value: CHOOSE
      objectReference: {fileID: 0}
    m_RemovedComponents: []
  m_SourcePrefab: {fileID: 100100000, guid: cc1c4f37023a86a45a4b50b60666af09, type: 3}
--- !u!224 &3422034962588687660 stripped
RectTransform:
  m_CorrespondingSourceObject: {fileID: 1862797087570067425, guid: cc1c4f37023a86a45a4b50b60666af09, type: 3}
  m_PrefabInstance: {fileID: 3937411329126441677}
  m_PrefabAsset: {fileID: 0}
